<collection xmlns="http://www.loc.gov/MARC21/slim">
<record>
  <leader>00822nam0a22001691i 450 </leader>
  <controlfield tag="001">IT\ICCU\CNCE\075529</controlfield>
  <controlfield tag="005">20101220000000.0</controlfield>
  <datafield tag="100" ind1=" " ind2=" ">
    <subfield code="a">20101220d1585        0itac0103    ba</subfield>
  </datafield>
  <datafield tag="101" ind1=" " ind2=" ">
    <subfield code="a">ITA</subfield>
  </datafield>
  <datafield tag="102" ind1=" " ind2=" ">
    <subfield code="a">IT</subfield>
  </datafield>
  <datafield tag="200" ind1="1" ind2=" ">
    <subfield code="a">Breue ragguaglio dell&apos;isola del Giapone, hauuto con la venuta a Roma delli legati di quel regno. Oue in compendio si tratta delli costumi di quei popoli, della religione, essercitij, habiti, vitto, qualit ̉dell&apos;aere, et molte altre cose. Con vn presente fatto da detti legati al serenissimo gran duca di Toscana</subfield>
  </datafield>
  <datafield tag="210" ind1=" " ind2=" ">
    <subfield code="a">Stampato in Roma</subfield>
    <subfield code="d">&amp; ristampato in Firenze</subfield>
    <subfield code="c">a stanza di Girolamo Mangini</subfield>
    <subfield code="d">1585</subfield>
  </datafield>
  <datafield tag="215" ind1=" " ind2=" ">
    <subfield code="a">\4! c.</subfield>
    <subfield code="d">8ʻ</subfield>
  </datafield>
  <datafield tag="620" ind1=" " ind2=" ">
    <subfield code="a">IT</subfield>
    <subfield code="d">Firenze</subfield>
  </datafield>
  <datafield tag="712" ind1="0" ind2="0">
    <subfield code="a">Mangini, Girolamo</subfield>
    <subfield code="3">IT\ICCU\CNCT\000932</subfield>
    <subfield code="4">650</subfield>
  </datafield>
  <datafield tag="801" ind1=" " ind2="3">
    <subfield code="a">IT</subfield>
    <subfield code="b">ICCU</subfield>
    <subfield code="c">20201115</subfield>
  </datafield>
  <datafield tag="899" ind1=" " ind2=" ">
    <subfield code="a">Biblioteca nazionale centrale. Firenze</subfield>
    <subfield code="1">FI0098</subfield>
    <subfield code="2">CFI CF</subfield>
  </datafield>
</record>
</collection>
